<?xml version="1.0" encoding="UTF-8"?>
<collection xmlns:xsi="http://www.w3.org/2001/XMLSchema-instance" xsi:schemaLocation="http://www.loc.gov/MARC21/slim http://www.loc.gov/standards/marcxml/schema/MARC21slim.xsd" xmlns="http://www.loc.gov/MARC21/slim">
<record>
  <leader>01772cam a2200361 a 4500</leader>
  <controlfield tag="001">2760329</controlfield>
  <controlfield tag="003">NNC</controlfield>
  <controlfield tag="005">20140126214439.0</controlfield>
  <controlfield tag="008">890904s1966    iq            000 0 ara d</controlfield>
  <datafield tag="035" ind1=" " ind2=" ">
    <subfield code="a">(OCoLC)187340826</subfield>
  </datafield>
  <datafield tag="035" ind1=" " ind2=" ">
    <subfield code="a">(OCoLC)ocn187340826</subfield>
  </datafield>
  <datafield tag="035" ind1=" " ind2=" ">
    <subfield code="9">ARM6068CU</subfield>
  </datafield>
  <datafield tag="035" ind1=" " ind2=" ">
    <subfield code="a">(NNC)2760329</subfield>
  </datafield>
  <datafield tag="040" ind1=" " ind2=" ">
    <subfield code="a">CtY</subfield>
    <subfield code="c">CtY</subfield>
  </datafield>
  <datafield tag="043" ind1=" " ind2=" ">
    <subfield code="a">a-iq---</subfield>
    <subfield code="a">e-uk---</subfield>
  </datafield>
  <datafield tag="066" ind1=" " ind2=" ">
    <subfield code="c">(3</subfield>
  </datafield>
  <datafield tag="245" ind1="0" ind2="3">
    <subfield code="6">880-01</subfield>
    <subfield code="a">al-Kitāb al-abyaḍ /</subfield>
    <subfield code="c">iʻdād wa-taqdīm Najm al-Dīn al-Suhrawardī.</subfield>
  </datafield>
  <datafield tag="250" ind1=" " ind2=" ">
    <subfield code="6">880-02</subfield>
    <subfield code="a">al-Ṭabʻah 1.</subfield>
  </datafield>
  <datafield tag="260" ind1=" " ind2=" ">
    <subfield code="6">880-03</subfield>
    <subfield code="a">[Baghdad :</subfield>
    <subfield code="b">s.n.],</subfield>
    <subfield code="c">1966</subfield>
    <subfield code="e">(Baghdād :</subfield>
    <subfield code="f">Maṭābiʻ Dār al-Zamān)</subfield>
  </datafield>
  <datafield tag="300" ind1=" " ind2=" ">
    <subfield code="a">95 p. ;</subfield>
    <subfield code="c">24 cm.</subfield>
  </datafield>
  <datafield tag="546" ind1=" " ind2=" ">
    <subfield code="a">Includes various documents, some translated from English.</subfield>
  </datafield>
  <datafield tag="500" ind1=" " ind2=" ">
    <subfield code="a">"Naṣṣ al-wathīqah al-tārīkhīyah allatī aṣdaratʹhā Ḥukūmat al-Difāʻ al-Waṭanī ʻām 1941 li-sharḥ al-taṭawwurāt allatī sabaqat al-iʻtidāʾ al-Barīṭānī al-ghāshim ʻalá al-ʻIrāq wa-mawqif Thawrat Māyis al-Waṭanīyah al-Taḥarrurīyah min al-ʻudwān al-istiʻmārī."</subfield>
  </datafield>
  <datafield tag="651" ind1=" " ind2="0">
    <subfield code="a">Iraq</subfield>
    <subfield code="x">Foreign relations</subfield>
    <subfield code="z">Great Britain</subfield>
    <subfield code="v">Sources.</subfield>
  </datafield>
  <datafield tag="651" ind1=" " ind2="0">
    <subfield code="a">Great Britain</subfield>
    <subfield code="x">Foreign relations</subfield>
    <subfield code="z">Iraq</subfield>
    <subfield code="v">Sources.</subfield>
  </datafield>
  <datafield tag="651" ind1=" " ind2="0">
    <subfield code="a">Iraq</subfield>
    <subfield code="x">History</subfield>
    <subfield code="y">Hashemite Kingdom, 1921-1958</subfield>
    <subfield code="v">Sources.</subfield>
  </datafield>
  <datafield tag="651" ind1=" " ind2="0">
    <subfield code="a">Iraq</subfield>
    <subfield code="x">History</subfield>
    <subfield code="y">Revolt, 1941.</subfield>
  </datafield>
  <datafield tag="651" ind1=" " ind2="0">
    <subfield code="a">Great Britain</subfield>
    <subfield code="x">Foreign relations</subfield>
    <subfield code="z">Iraq.</subfield>
  </datafield>
  <datafield tag="700" ind1="1" ind2=" ">
    <subfield code="6">880-04</subfield>
    <subfield code="a">Suhrawardī, Najm al-Dīn,</subfield>
    <subfield code="d">1920-</subfield>
  </datafield>
  <datafield tag="880" ind1="0" ind2="2">
    <subfield code="6">245-01/(3/r</subfield>
    <subfield code="a">الكتاب الأبيض /</subfield>
    <subfield code="c">إعداد وتقديم نجم الدين السهروردي.</subfield>
  </datafield>
  <datafield tag="880" ind1=" " ind2=" ">
    <subfield code="6">250-02/(3/r</subfield>
    <subfield code="a">الطبعة 1.</subfield>
  </datafield>
  <datafield tag="880" ind1=" " ind2=" ">
    <subfield code="6">260-03/(3/r</subfield>
    <subfield code="a">[بغداد :</subfield>
    <subfield code="b">د.ن.]،</subfield>
    <subfield code="c">1966</subfield>
    <subfield code="e">(بغداد :</subfield>
    <subfield code="f">مطابع دار الزمان)</subfield>
  </datafield>
  <datafield tag="880" ind1="1" ind2=" ">
    <subfield code="6">700-04/(3/r</subfield>
    <subfield code="a">سهروردي، نجم الدين,</subfield>
    <subfield code="d">1920-.</subfield>
  </datafield>
  <datafield tag="955" ind1=" " ind2=" ">
    <subfield code="b">CU52903486</subfield>
    <subfield code="d">off,glx</subfield>
    <subfield code="e">DS79 .S9</subfield>
  </datafield>
</record>
</collection>